@article{izhikevich2003,
    author =       {E. Izhikevich},
    title =        "Simple Model of Spiking Neuron",
    journal =      "IEEE Transactions on Neural Networks",
    volume =       "14",
    year =         "2003",
}

@article{maas2002,
    author =       {Wolfgang Maas and Henry Markram},
    title =        "Real-time Computing Without Stable States: A New Framework for Neural Computation Based on Perturbations",
    journal =      "Neural Computation",
    volume =       "14",
    year =         "2002",
}

@article{zhang2015,
    author =       {Y. Zhang and P. Li and Y. Jin and Y. Choe},
    title =        "A Digital Liquid State Machine With Biologically Inspired Learning and Its Application to Speech Recognition",
    journal =      "IEEE Transactions on Neural Networks and Learning Systems",
    volume =       "26",
    number = 	   "11",
    year =         "2015",
}

@article{cruz2000,
    author =       {S. V. Buldyren and L. Cruz and T. Gomez-Tortosa and S. Havlin and R. Le and H .E. Stanley and B. Urbanc and B. T. Hyman },
    title =        "Description of microcolumnar ensembles in association cortex and their disruption in Alzheimer and Lewy body dementias",
    journal =      "PNAS",
    volume =       "97",
    number = 	   "10",
    year =         "2000",
}

@article{cruz2009,
    author =       {L. Cruz and D. L. Roe and A. Inglis and H .E. Stanley and B. Urbanc and D. L. Rosene},
    title =        "Age-related reduction in microcolumnar structures correlates with cognitive decline in ventral but not dorsal area 46 of the rhesus monkey",
    journal =      "Neuroscience",
    volume =       "158",
    number = 	   "4",
    year =         "2009",
}

 
@book{izhikevich,
    title={Dynamical Systems in Neuroscience},
    author={Eugene Izhikevich},
    year={2007},
    publisher={MIT Press},
}
 
@online{ipimi,
    title     = "Integrated Photonics Institute for Manufacturing Innovation",
    url       = "http://manufacturing.gov/ip-imi.html",
}
