
@Book{GerstnerKistler:02,
  author =	 {W. Gerstner and W.M. Kistler},
  title = 	 {Spiking Neuron Models},
  publisher = 	 {Cambridge University Press },
  year = 	 2002,
  month =	 {August},
  note = 	 {See also \url{http://diwww.epfl.ch/~gerstner/BUCH.html}}
}


@Book{DayanAbbott:01,
  author =	 {P. Dayan and L.F. Abbott},
  title =	 {Theoretical Neuroscience: Computational and
                  Mathematical Modeling of Neural Systems},
  publisher =	 {MIT Press},
  year =	 {201},
  note =	 {See also
                  \url{http://people.brandeis.edu/~abbott/book/}}
}

