@article{izhikevich2003,
    author =       {E. Izhikevich},
    title =        "Simple Model of Spiking Neuron",
    journal =      "IEEE Transactions on Neural Networks",
    volume =       "14",
    year =         "2003",
}

@article{maas2002,
    author =       {Wolfgang Maas and Henry Markram},
    title =        "Real-time Computing Without Stable States: A New Framework for Neural Computation Based on Perturbations",
    journal =      "Neural Computation",
    volume =       "14",
    year =         "2002",
}

@article{ermentrout2001,
    author =       {G. Bard Ermentrout and David Kleinfeld},
    title =        "Traveling Electrical Waves in Cortex: Insights from Phase Dynamics and Speculation on a Computational Role",
    journal =      "Neuron",
    volume =       "29",
    year =         "2001",
}

@article{reimer2010,
    author = {Reimer, Antonia and Hubka, Peter and Engel, Andreas K. and Kral, Andrej},
    title = "{Fast Propagating Waves within the Rodent Auditory Cortex}",
    journal = {Cerebral Cortex},
    volume = {21},
    number = {1},
    pages = {166-177},
    year = {2010},
    month = {05},
}

@article{huang2004,
    author = {Xiaoying Huang and William C. Troy and Qian Yang and Hongtao Ma and Carlo R. Laing and Steven J. Schiff and Jian-Young Wu},
    title = "{Spiral Waves in Disinhibited Mammalian Cortex}",
    journal = {Journal of Neuroscience},
    volume = {24},
    number = {44},
    year = {2004},
}

@article{wu2008,
    author =       {Jian-Young Wu and Xiaoying Huang and Chuan Zhang},
    title =        "Propagating Waves of Activity in the Neocortex: What They Are, What They Do",
    journal =      "Neuroscientist",
    volume =       "14",
    number =       "5",
    year =         "2008",
}

@article{zhang2015,
    author =       {Y. Zhang and P. Li and Y. Jin and Y. Choe},
    title =        "A Digital Liquid State Machine With Biologically Inspired Learning and Its Application to Speech Recognition",
    journal =      "IEEE Transactions on Neural Networks and Learning Systems",
    volume =       "26",
    number = 	   "11",
    year =         "2015",
}

@article{cruz2000,
    author =       {S. V. Buldyren and L. Cruz and T. Gomez-Tortosa and S. Havlin and R. Le and H .E. Stanley and B. Urbanc and B. T. Hyman },
    title =        "Description of microcolumnar ensembles in association cortex and their disruption in Alzheimer and Lewy body dementias",
    journal =      "PNAS",
    volume =       "97",
    number = 	   "10",
    year =         "2000",
}

@article{cruz2005,
    author =       {L. Cruz and S. V. Buldyrev and S. Peng and D. Roe and B. Urbanc and H.E. Stanley and D. Rosene },
    title =        "A statistically based density map method for identification and quantification of regional differences in microcolumnarity in the monkey brain",
    journal =      "Journal of Neuroscience Methods",
    volume =       "141",
    year =         "2005",
}

@article{cruz2009,
    author =       {L. Cruz and D. Roe and B. Urbanc and A. Inglis and H.E. Stanley and D. Rosene  },
    title =        "Age-related reduction in microcolumnar structure correlates with cognitive decline in ventral but not dorsal area 46 of the rhesus monkey",
    journal =      "Neuroscience",
    volume =       "158",
    number =       "4",
    year =         "2009",
}

@article{daCosta2010,
    author =       {Nuno Mucarico da Costa and Kevan A. C. Martin },
    title =        "Whose cortical column would that be?",
    journal =      "Frontiers in Neuroanatomy",
    volume =       "4",
    year =         "2010",
}

@article{buxhoeveden2002,
    author =       {Daniel P. Buxhoeveden and Manuel F. Casanova },
    title =        "The minicolumn hypothesis in neuroscience",
    journal =      "Brain",
    volume =       "125",
    year =         "2002",
}

@article{mountcastle1997,
    author =       {V. B. Mountcastle},
    title =        "The columnar organization of the neocortex",
    journal =      "Brain",
    volume =       "120",
    year =         "1997",
}

@article{rockland2004,
    author =       {Kathleen S. Rockland and Noritaka Ichinohe},
    title =        "Some thoughts on cortical minicolumns",
    journal =      "Exp Brain Res",
    volume =       "158",
    issue =	   "3",
    year =         "2004",
}

@article{keane2015,
    author =       {Adam Keane and Pulin Gong},
    title =        "Propagating Waves Can Explain Irregular Neural Dynamics",
    journal =      "Journal of Neuroscience",
    volume =       "35",
    number = 	   "4",
    year =         "2015",
}

@article{senk2020,
    author =       {Johanna Senk and Karolina Korvasova and Jannis Scheucker and Espen Hagen and Tom Tetzlaff and Markus Diesmann and Moritz Helias},
    title =        "Conditions for wave trains in spiking neural networks",
    journal =      "Physical Review Research",
    volume =       "2",
    number = 	   "2",
    year =         "2020",
}

@article{muller2018,
    author =       {Lyle Muller and Frederic Chavane and John Reynolds and Terrence Sejnowski},
    title =        "Cortical travelling waves: mechanicsms and computational principles",
    journal =      "Nature Reviews Neuroscience",
    volume =       "19",
    year =         "2018",
}

@article{sanes1993,
    author =       {Jerome N. Sanes and John P. Donoghue},
    title =        "Oscillations in local field potentials of the primate motor cortex during voluntary movement",
    journal =      "Proceedings of the National Academy of Sciences of the United States of America",
    volume =       "90",
    year =         "1993",
}

@article{lubernov2009,
    author =       {Evgueniy V. Lubernov and Athanassios G. Siapas },
    title =        "Hippocampal theta oscillations are traveling waves",
    journal =      "Nature",
    volume =       "459",
    year =         "2009",
}

@article{muller2014,
    author =       {Lyle Muller and Alexandre Reynaud and Frederic Chavane and Alain Destexhe},
    title =        "The stimulus-evoked population response in visual cortex of awake monkey is a propagating wave",
    journal =      "Nature Communications",
    volume =       "5",
    year =         "2014",
}


@article{sato2012,
    author =       {Tatsuo Sato and Ian Nauhaus and Matteo Carandini},
    title =        "Traevling Wave in Visual Cortex",
    journal =      "Neuron",
    volume =       "75",
    year =         "2012",
}

@article{markram1998,
    author =       {Henry Markram and Yun Wang and Misha Tsodyks},
    title =        "Differential signaling via the same axon of neocortical pyramidal neurons",
    journal =      "PNAS",
    volume =       "95",
    year =         "1998",
}

@article{kreuz2012,
    author =       {Thomas Kreuz and Daniel Chicharro and Conor Houghton and Ralph Andrzejak and Florian Mormann},
    title =        "Monitoring spike train synchrony",
    journal =      "Journal of Neurophysiology",
    volume =       "109",
    year =         "2012",
}

@article{shoham1999,
    author =       {Doron Shoham and Daniel Glaser and Amos Arieli and Tal Kenet and Chaipi Wijnbergen and Yuval Toledo and Rina Hildesheim and Amiram Grinvald},
    title =        "Imaging Cortical Dynamics at High Spatial and Temporal Resolution with Novel Blue Voltage Sensitive Dyes",
    journal =      "Neuron",
    volume =       "24",
    year =         "1999",
}

@article{horton2005,
    author =       {Jonathan C. Horton and Daniel L. Adams},
    title =        "The cortical column: a structure without a function",
    journal =      "Philosophical Transactions of the Royal Society B",
    volume =       "360",
    year =         "2005",
}

@article{gibson2009,
    author =       {Jay R. Gibson and Michael Beierlein and Barry W. Connors},
    title =        "Two networks of electrically coupled inhibitory neurons in neocortex",
    journal =      "Nature",
    volume =       "402",
    year =         "2009",
}

@article{ascoli2010,
    author =       {Giorgio A. Ascoli and Sonia Gasparini and Virginia Medinilla and Michele Migliore},
    title =        "Local Control of Postinhibitory Rebound Spiking in CA1 Pyramidal Neuron Dendrites",
    journal =      "Journal of Neuroscience",
    volume =       "7",
    issue =        "10",
    year =         "2011",
}

@article{hayut2011,
    author =       {Itai Hayut and Erika E. Fanselow and Barry W. Connors and David Golomb},
    title =        "LTS and FTS Inhibitory Interneurons, Short-term Synaptic Plasticity and Cortical Circuit Dynamics",
    journal =      "PLOS Computational Biology",
    volume =       "30",
    year =         "2010",
}

@book{izhikevich,
    title={Dynamical Systems in Neuroscience},
    author={Eugene Izhikevich},
    year={2007},
    publisher={MIT Press},
}

@book{trappenberg,
    title={Fundamentals of Computational Neuroscience},
    author={Thomas Trappenberg},
    year={2010},
    publisher={Oxford University Press},
}

@book{banich,
    title={Cognitive Neuroscience},
    author={Marie T. Banich and Rebecca J. Compton},
    year={2018},
    publisher={Cambridge University Press},
}
 
@online{auer2002,
    title     = {The p-delta rule for parallel perceptrons},
    url       = "http://www.igi.TUGraz.at/maass/p delta learning.pdf",
}

@online{izzy_code,
    title     = {Izhikevich MATLAB simulation},
    url       = "https://www.izhikevich.org/publications/net.m",
}


