@article{PhysRevResearch.2.023174,
  title = {Conditions for wave trains in spiking neural networks},
  author = {Senk, Johanna and Korvasov\'a, Karol\'{\i}na and Schuecker, Jannis and Hagen, Espen and Tetzlaff, Tom and Diesmann, Markus and Helias, Moritz},
  journal = {Phys. Rev. Research},
  volume = {2},
  issue = {2},
  pages = {023174},
  numpages = {27},
  year = {2020},
  month = {May},
  publisher = {American Physical Society},
  doi = {10.1103/PhysRevResearch.2.023174},
  url = {https://link.aps.org/doi/10.1103/PhysRevResearch.2.023174}
}

